<record><leader>00000cas a2200000 a 4500</leader><controlfield tag="001">27881677</controlfield><controlfield tag="008">930409d18921957iluwr ne      0   a0eng c</controlfield><datafield ind1=" " ind2=" " tag="010"><subfield code="a">sn 93055658 </subfield></datafield><datafield ind1=" " ind2=" " tag="040"><subfield code="a">NVF</subfield><subfield code="b">eng</subfield><subfield code="c">NVF</subfield><subfield code="d">OCLCQ</subfield><subfield code="d">NVF</subfield><subfield code="d">OCLCF</subfield><subfield code="d">OCLCO</subfield><subfield code="d">NVF</subfield></datafield><datafield ind1=" " ind2=" " tag="042"><subfield code="a">pcc</subfield></datafield><datafield ind1=" " ind2=" " tag="043"><subfield code="a">n-us-il</subfield></datafield><datafield ind1="0" ind2=" " tag="130"><subfield code="a">Pulaski enterprise (Mound City, Ill.)</subfield></datafield><datafield ind1="1" ind2="0" tag="245"><subfield code="a">Pulaski enterprise.</subfield></datafield><datafield ind1=" " ind2=" " tag="260"><subfield code="a">Mound City, Ill. :</subfield><subfield code="b">J.F. Connell</subfield></datafield><datafield ind1=" " ind2=" " tag="300"><subfield code="a">v.</subfield></datafield><datafield ind1=" " ind2=" " tag="310"><subfield code="a">Weekly</subfield></datafield><datafield ind1="1" ind2=" " tag="362"><subfield code="a">Began in 1892? Ceased in 1957.</subfield></datafield><datafield ind1=" " ind2=" " tag="580"><subfield code="a">Merged with: Mounds independent, to form: Pulaski County enterprise-independent.</subfield></datafield><datafield ind1=" " ind2=" " tag="588"><subfield code="a">Description based on: Vol. 2, no. 5 (Apr. 8, 1893).</subfield></datafield><datafield ind1=" " ind2=" " tag="588"><subfield code="a">Latest issue consulted: Feb. 24, 1956.</subfield></datafield><datafield ind1=" " ind2="0" tag="651"><subfield code="a">Mound City (Ill.)</subfield><subfield code="v">Newspapers.</subfield></datafield><datafield ind1=" " ind2="0" tag="651"><subfield code="a">Pulaski County (Ill.)</subfield><subfield code="v">Newspapers.</subfield></datafield><datafield ind1=" " ind2="7" tag="651"><subfield code="a">Illinois</subfield><subfield code="z">Mound City.</subfield><subfield code="2">fast</subfield><subfield code="0">(OCoLC)fst01234188</subfield></datafield><datafield ind1=" " ind2="7" tag="651"><subfield code="a">Illinois</subfield><subfield code="z">Pulaski County.</subfield><subfield code="2">fast</subfield><subfield code="0">(OCoLC)fst01215018</subfield></datafield><datafield ind1=" " ind2="7" tag="655"><subfield code="a">Newspapers.</subfield><subfield code="2">fast</subfield><subfield code="0">(OCoLC)fst01423814</subfield></datafield><datafield ind1=" " ind2=" " tag="752"><subfield code="a">United States</subfield><subfield code="b">Illinois</subfield><subfield code="c">Pulaski County</subfield><subfield code="d">Mound City.</subfield></datafield><datafield ind1="1" ind2="7" tag="785"><subfield code="t">Mounds independent</subfield><subfield code="w">(DLC)sn 93055659</subfield><subfield code="w">(OCoLC)27881796</subfield></datafield><datafield ind1="1" ind2="7" tag="785"><subfield code="t">Pulaski County enterprise-independent</subfield><subfield code="w">(DLC)sn 93055660</subfield><subfield code="w">(OCoLC)27881879</subfield></datafield><datafield ind1="1" ind2=" " tag="029"><subfield code="a">AU@</subfield><subfield code="b">000040191326</subfield></datafield></record>